2846 5246
856 424 1758 504 PRAEFATIO.
2264 456 2379 548 'ix

203 685 637 793 vegahilium
652 738 674 779 ‚
724 701 867 757 tam
914 679 1234 758 vivarum
1286 703 1495 779 quam
1551 685 1974 774 mortuarum
2023 679 2106 752 fit
2156 676 2384 756 disso-

204 866 406 946 lutio.
484 859 874 956 ·1bi‚2.inter
924 858 1223 961 mpium
1296 858 1669 963 voragines
1705 858 1986 936 ,hiantes
2001 912 2024 953 ,
2075 859 2384 963 integros

208 1067 419 1149 saepe
481 1039 776 1144 parietes
840 1039 1047 1143 junna
1091 1023 1466 1117 fluviorum
1517 1037 1729 1140 -ripas
1805 1038 2206 1135 obducunt,
2274 1043 2388 1118 vel

212 1244 551 1306 sertorum
623 1222 839 1297 instar
911 1246 996 1312 ex
1027 1219 1035 1284 ἶ
1062 1217 1586 1320 deckivimspus
1607 1218 2190 1340 e-pmecipitism,
2217 1281 2235 1300 ,
2256 1231 2388 1297 neo

217 1370 361 1500 non
411 1428 496 1476 ex
548 1399 873 1476 arborum
925 1396 1292 1499 stirpibus,
1345 1421 1521 1498 quas
1576 1393 1767 1470 haud
1815 1422 1984 1472 raro.
2026 1399 2390 1474 κωφὴ·
2436 1457 2450 1468 ,

220 1600 474 1686 tegunt
489 1635 512 1676 ,
561 1575 973 1680 dependent.

320 1761 436 1835 Ex
484 1757 608 1852 iis,
660 1705 840 1858 qnae
888 1753 1056 1847 tihi,
1106 1753 1323 1828 lector
1369 1722 1746 1847 benevole,
1777 1771 1780 1776 ’
1810 1725 2120 1847 narravi,
2151 1753 2156 1778 ⁷
2175 1754 2393 1830 intel-

221 1925 439 2040 ligere
512 1934 774 2036 poteris
790 1989 810 2029 ‚
889 1930 1166 2034 quantis
1230 1928 1495 2006 filicum
1562 1930 1827 2007 divitiis
1878 1932 2142 2009 insulae
2194 1961 2236 2008 a
2288 1959 2398 2007 me

223 2117 573 2217 inspectae
623 2111 952 2205 affluant3
1027 2125 1096 2179 et
1170 2103 1545 2179 fasciculus
1560 2159 1583 2200 ‚
1668 2097 1874 2208 quem
1949 2109 2077 2184 tibi
2145 2111 2399 2187 offerre

230 2292 458 2370 audeo
474 2348 497 2388 ‚
547 2292 761 2370 verba
809 2313 963 2362 mea
1014 2284 1552 2361 confirmaturus
1603 2305 1726 2362 est.

321 2468 575 2585 Pluxjes
624 2493 717 2566 ex,
756 2466 947 2542 hisee
998 2463 1258 2539 amicus
1310 2465 1851 2542 anwann'rrus
1926 2491 2010 2542 ex
2086 2466 2401 2544 herbario

226 2674 358 2725 suo
407 2673 678 2724 mecum
739 2602 1270 2722 communicavii
1285 2700 1307 2740 ‚
1391 2664 1733 2747 gratoque
1786 2642 1861 2717 id
1914 2663 2196 2723 attestor
2246 2651 2403 2726 ani-

223 2853 379 2921 mo,
450 2852 678 2928 neque
739 2824 1010 2899 silentio
1079 2821 1453 2926 praeterire
1525 2846 1806 2923 possum
1882 2822 2146 2919 officia,
2225 2854 2403 2927 quae

226 3004 400 3078 mihi
486 3003 561 3076 in
633 3002 997 3077 itineribus
1084 3001 1407 3075 Kentius
1492 3002 1566 3071 Z
1570 3001 2028 3100 zppeliusque
2048 3055 2078 3090 ,
2157 3001 2408 3080 hortu-

227 3184 373 3258 lani
388 3239 411 3279 ,
489 3184 1001 3284 praestiterunt.
1132 3178 1427 3255 Maxime
1504 3203 1791 3279 quoque
1866 3177 2173 3253 delector
2260 3207 2408 3254 me-

232 3360 449 3437 moria
500 3359 737 3436 auxilii
757 3413 781 3453 ,
837 3355 1030 3461 quod
1050 3411 1073 3451 ,
1126 3308 1389 3430 summa
1441 3379 1601 3428 oum
1649 3354 2125 3429 benevolentia
2149 3409 2170 3447 ‚
2240 3356 2409 3433 mihi

234 3540 417 3612 ferre
466 3500 687 3615 voluit
734 3535 999 3611 amicus
1048 3533 1108 3607 F
1110 3561 1173 3608 n.
1228 3531 1296 3606 N
1298 3558 1416 3606 EEs
1466 3555 1551 3607 AB
1603 3533 1958 3606 Esnnnnex
1973 3586 1995 3626 ‚
2049 3532 2407 3610 Professor

237 3714 651 3793 Academiae
696 3712 1079 3790 Bonnensis
1156 3710 1485 3815 egregius
1509 3764 1531 3804 ‚
1607 3710 1811 3811 cujus
1887 3710 2190 3787 consiliis
2264 3712 2404 3787 ad-

236 3895 427 3995 jutus
480 3890 809 3995 quasdam
880 3890 1215 3966 formosae
1280 3888 1495 3988 hujus
1557 3883 1853 3962 familiae
1905 3886 2167 3987 species
2217 3888 2404 3963 defi·-

243 4070 384 4147 nire
435 4070 656 4173 potui.
