2846 5246
1144 437 1472 528 (41)

218 662 223 665 -
304 619 476 686 Ons.
531 616 937 686 Scitamineas
1002 617 1123 685 rite
1190 622 1263 687 in
1300 635 1638 711 sequentes
1681 617 2141 689 subdivisiones
2184 642 2372 711 sepa-

532 732 675 776 rare
718 732 1052 799 possumus
1071 739 1092 775 z
1359 750 1365 762 ·

541 868 629 916 1⁰.
676 848 1083 937 Zingibera.
1178 849 1320 917 Huc
1364 851 1702 942 pertinent·
1744 851 2116 939 Zingiber‚
2192 848 2375 916 Cur-

676 964 881 1007 cuma
924 958 987 1005 et
1034 938 1513 1031 qumpferia.
1607 943 1854 1009 Herbae
1896 959 2046 1008 sunt
2089 962 2331 1005 annuae
2348 985 2374 1014 ,

676 1028 995 1097 radicibus
1058 1035 1337 1100 carnosis
1416 1034 1724 1100 tuberosis
1786 1052 1850 1101 et
1911 1031 2383 1100 inflorescentia

679 1120 874 1201 dense
915 1122 1165 1213 spicata.

541 1276 636 1327 2⁹.
679 1261 1041 1327 Amomae.
1132 1258 1339 1344 Hujus
1417 1257 1868 1331 subdivisionis
1940 1275 2106 1341 Sum.
2149 1259 2381 1341 Amo-7

532 1338 543 1360 ⁸
676 1375 906 1433 mum,
973 1352 1328 1418 Elettaria
1354 1392 1376 1425 ‚
1453 1351 1908 1431 Donacodes‚
1990 1350 2381 1416 Dirae-odes

680 1459 744 1507 et
789 1440 1273 1531 Ηειῆγοῆἰιινη,
1326 1465 1488 1534 quae
1532 1441 1782 1530 plantae
1821 1465 2041 1508 omnes
2068 1463 2382 1532 perennes

682 1549 859 1613 sunt,
909 1531 1230 1598 radicibus
1259 1535 1449 1618 magis
1489 1549 1694 1597 tamen
1733 1531 1951 1617 ligneis
1988 1556 2058 1607 etl
2088 1531 2385 1623 repenti-

682 1623 805 1689 bus
829 1621 1133 1713 preditae.
1177 1623 1653 1699 Inflorescentia
1687 1621 1874 1708 vulgo
1923 1640 2015 1688 est
2039 1621 2380 1701 radicalis,

682 1712 876 1779 dense
925 1715 1198 1805 spicata,
1254 1713 1353 1783 vel
1397 1717 1451 1783 si
1477 1713 1645 1795 forte
1689 1713 2026 1785 terminalis
2047 1761 2070 1797 ,
2117 1713 2385 1799 bracteis

678 1802 878 1870 dense
919 1805 1182 1871 munita.
2007 1811 2014 1819 '

543 1946 637 2012 5⁰.
681 1941 1037 2028 Alpiniae.
1128 1939 1273 2005 Huc
1316 1940 1640 2032 pertinent
1672 1941 1970 2029 Alpinia
1988 1987 2009 2022 ‚
2058 1940 2150 2006 H
2146 1943 2390 2027 ellem‘a

678 2050 743 2098 et
799 2032 1223 2119 Cenoloplzon
1245 2079 1267 2115 ,
1335 2054 1499 2121 quae
1562 2055 1826 2121 quoque
1871 2029 2122 2121 plantae
2166 2055 2387 2099 omnes

676 2146 990 2215 perennes
1033 2138 1221 2201 sunt,
1268 2143 1388 2186 nec
1425 2147 1461 2187 a
1488 2124 1694 2210 priori
1723 2122 2000 2187 sectione
2044 2120 2386 2207 differunt,

679 2214 805 2281 nisi
864 2210 1336 2280 inflorescentia
1398 2210 1643 2289 caulem
1703 2212 2080 2298 terminante
2121 2208 2387 2305 laxeque

676 2301 1031 2396 paniculata
1074 2300 1175 2371 vel
1217 2324 1554 2370 racemosa.

534 2446 630 2515 4⁶.
684 2443 952 2512 Coelae.
1047 2438 1272 2508 Solum
1318 2463 1513 2526 genus
1557 2438 1686 2505 huc
1729 2439 2009 2530 pertinet
2075 2441 2328 2508 Coetus
2357 2486 2381 2523 ,
2459 2468 2468 2479 ·

680 2560 717 2601 a
760 2533 1021 2626 reliquis
1065 2530 1456 2598 Scitamineis
1524 2528 1840 2596 diversum
1906 2531 2130 2598 habitu
2171 2554 2383 2620 pecu-

600 2701 607 2708 ,
673 2621 854 2708 lieri,
920 2622 1338 2713 dispositione
1398 2646 1631 2714 nempe
1693 2620 2035 2705 foliorum,
2102 2647 2384 2714 quorum

674 2719 930 2803 vaginae
973 2715 1303 2781 tubulosae
1325 2760 1347 2795 ‚
1425 2736 1636 2804 neque
1682 2730 1751 2778 ut
1793 2714 1861 2780 in
1913 2716 2133 2782 ceteris
2198 2715 2382 2799 hujus

676 2807 943 2874 familiae
981 2806 1213 2896 plantis
1256 2804 1763 2889 semivaginantes
1806 2824 1975 2872 sunt.
2065 2805 2380 2873 Inflores-

678 2901 883 2966 centia
924 2898 1036 2963 hic
1080 2895 1421 2963 terminalis
1465 2913 1595 2978 est,
1639 2893 1751 2962 sed
1797 2894 1994 2961 dense
2036 2898 2291 2988 spicata.

541 3038 639 3108 5⁰.
688 3037 1002 3105 Globbae.
1071 3034 1326 3101 Globba
1388 3057 1584 3119 genus
1647 3032 1774 3098 huc
1835 3033 2239 3101 referendum
2301 3035 2381 3101 ab

677 3128 976 3196 omnibus
1020 3125 1408 3194 Scitamineis
1451 3123 1852 3211 distinguitur
1881 3125 2100 3192 habitu
2128 3124 2382 3192 fructu-

681 3243 809 3311 que
869 3214 1261 3284 uniloculari.
1352 3217 1649 3283 Proxime
1711 3215 1954 3283 accedit
2012 3217 2384 3301 Zingiberi-

656 3305 799 3377 ‘bus
819 3355 840 3388 ‚
888 3333 1169 3402 quorum
1211 3308 1407 3373 instar
1451 3331 1728 3373 annuum
1773 3325 1905 3389 estg
1974 3305 2185 3372 differt
2230 3332 2380 3375 vero

680 3401 758 3466 ab
790 3399 912 3468 illis
940 3399 1410 3468 inflorescentia
1438 3398 1609 3482 laxa,
1654 3396 1996 3483 terminali,
2046 3421 2380 3467 racemosa.

728 3618 1167 3689 SECTs1.
1262 3601 1890 3718 ZINGIBERA.

824 3803 1284 3882 ZINGIBER
1300 3862 1324 3902 ‚
1385 3791 1770 3881 Gazam.

198 3989 596 4094 §onom
644 3983 896 4057 limbus
948 3981 1241 4059 exterior
1291 3981 1712 4083 tripartitus3
1764 3985 2047 4060 interior
2077 3986 2380 4062 unilabi-

312 4111 509 4169 atus.
609 4087 1077 4166 Fmeurum
1152 4113 1365 4189 supra
1437 4087 1787 4166 antherum
1857 4091 2255 4193 elongatum
2303 4090 2379 4178 in
